<?xml version="1.0" encoding="UTF-8"?><collection xmlns="http://www.loc.gov/MARC21/slim"><record><leader>00467nam--2200145-i-4500</leader><controlfield tag="001">000047282</controlfield><controlfield tag="002">20161230</controlfield><controlfield tag="005">20161230201046</controlfield><controlfield tag="008">060222s1000------------r-----000-0-eng-d</controlfield><datafield ind1=" " ind2=" " tag="080"><subfield code="a">621.396</subfield></datafield><datafield ind1=" " ind2=" " tag="100"><subfield code="a">Weissfloch, Albert</subfield></datafield><datafield ind1=" " ind2=" " tag="245"><subfield code="a">Schaltungstheorie und messtechnik des deximeter-und zentimeterwellengebietes</subfield></datafield><datafield ind1=" " ind2=" " tag="260"><subfield code="a">Stuttgart, Birkhauser Verlag, 1954, 308p</subfield></datafield><datafield ind1=" " ind2=" " tag="490"><subfield code="a">Lehrbucher Und Monographien Aus Dem Gebiete Der Exakten Wissenschaften</subfield></datafield><datafield ind1=" " ind2=" " tag="852"><subfield code="a">76377</subfield></datafield></record></collection>